@book{lax2002functional,
  title     = {Functional Analysis},
  author    = {Lax, P.D.},
  isbn      = {9780471556046},
  lccn      = {01046547},
  series    = {Pure and Applied Mathematics: A Wiley Series of Texts, Monographs and Tracts},
  url       = {https://books.google.com/books?id=18VqDwAAQBAJ},
  year      = {2002},
  publisher = {Wiley}
}

@book{reed1980functional,
  title     = {I: Functional Analysis},
  author    = {Reed, M. and Simon, B.},
  isbn      = {9780125850506},
  lccn      = {75182650},
  series    = {Methods of Modern Mathematical Physics},
  url       = {https://books.google.com/books?id=hInvAAAAMAAJ},
  year      = {1980},
  publisher = {Elsevier Science}
}
