@article{yao1975log,
  title   = {An $O (|E| \log \log |V|)$ algorithm for finding minimum spanning trees},
  author  = {Yao, Andrew Chi-Chih},
  journal = {Information Processing Letters},
  volume  = {4},
  pages   = {21--23},
  year    = {1975}
}

@article{fredman1987fibonacci,
  title     = {Fibonacci heaps and their uses in improved network optimization algorithms},
  author    = {Fredman, Michael L and Tarjan, Robert Endre},
  journal   = {Journal of the ACM (JACM)},
  volume    = {34},
  number    = {3},
  pages     = {596--615},
  year      = {1987},
  publisher = {ACM New York, NY, USA}
}

@article{karger1995randomized,
  title     = {A randomized linear-time algorithm to find minimum spanning trees},
  author    = {Karger, David R and Klein, Philip N and Tarjan, Robert E},
  journal   = {Journal of the ACM (JACM)},
  volume    = {42},
  number    = {2},
  pages     = {321--328},
  year      = {1995},
  publisher = {ACM New York, NY, USA}
}

@article{gabow1986efficient,
  title     = {Efficient algorithms for finding minimum spanning trees in undirected and directed graphs},
  author    = {Gabow, Harold N and Galil, Zvi and Spencer, Thomas and Tarjan, Robert E},
  journal   = {Combinatorica},
  volume    = {6},
  number    = {2},
  pages     = {109--122},
  year      = {1986},
  publisher = {Springer}
}

@article{chazelle2000minimum,
  title     = {A minimum spanning tree algorithm with inverse-Ackermann type complexity},
  author    = {Chazelle, Bernard},
  journal   = {Journal of the ACM (JACM)},
  volume    = {47},
  number    = {6},
  pages     = {1028--1047},
  year      = {2000},
  publisher = {ACM New York, NY, USA}
}

@article{pettie2002optimal,
  title     = {An optimal minimum spanning tree algorithm},
  author    = {Pettie, Seth and Ramachandran, Vijaya},
  journal   = {Journal of the ACM (JACM)},
  volume    = {49},
  number    = {1},
  pages     = {16--34},
  year      = {2002},
  publisher = {ACM New York, NY, USA}
}

@article{dixon1992verification,
  title     = {Verification and sensitivity analysis of minimum spanning trees in linear time},
  author    = {Dixon, Brandon and Rauch, Monika and Tarjan, Robert E},
  journal   = {SIAM Journal on Computing},
  volume    = {21},
  number    = {6},
  pages     = {1184--1192},
  year      = {1992},
  publisher = {SIAM}
}

@article{komlos1985linear,
  title     = {Linear verification for spanning trees},
  author    = {Koml{\'o}s, J{\'a}nos},
  journal   = {Combinatorica},
  volume    = {5},
  number    = {1},
  pages     = {57--65},
  year      = {1985},
  publisher = {Springer}
}

@article{king1997simpler,
  title     = {A simpler minimum spanning tree verification algorithm},
  author    = {King, Valerie},
  journal   = {Algorithmica},
  volume    = {18},
  pages     = {263--270},
  year      = {1997},
  publisher = {Springer}
}

@article{eisner1997state,
  title   = {State-of-the-art algorithms for minimum spanning trees},
  author  = {Eisner, Jason},
  journal = {Unpublished survey},
  year    = {1997}
}

@article{marevs2008saga,
  title     = {The saga of minimum spanning trees},
  author    = {Mare{\v{s}}, Martin},
  journal   = {Computer Science Review},
  volume    = {2},
  number    = {3},
  pages     = {165--221},
  year      = {2008},
  publisher = {Elsevier}
}

@article{karger1995randomized,
  title     = {A randomized linear-time algorithm to find minimum spanning trees},
  author    = {Karger, David R and Klein, Philip N and Tarjan, Robert E},
  journal   = {Journal of the ACM (JACM)},
  volume    = {42},
  number    = {2},
  pages     = {321--328},
  year      = {1995},
  publisher = {ACM New York, NY, USA}
}

@article{karger1998random,
  title     = {Random sampling and greedy sparsification for matroid optimization problems},
  author    = {Karger, David R},
  journal   = {Mathematical Programming},
  volume    = {82},
  number    = {1},
  pages     = {41--81},
  year      = {1998},
  publisher = {Springer}
}

@book{karger1995random,
  title     = {Random sampling in graph optimization problems},
  author    = {Karger, David Ron},
  year      = {1995},
  publisher = {stanford university}
}

@book{schrijver2003combinatorial,
  title     = {Combinatorial optimization: polyhedra and efficiency},
  author    = {Schrijver, Alexander and others},
  volume    = {24},
  number    = {2},
  year      = {2003},
  publisher = {Springer}
}

@inproceedings{chekuri2017near,
  title        = {Near-linear time approximation schemes for some implicit fractional packing problems},
  author       = {Chekuri, Chandra and Quanrud, Kent},
  booktitle    = {Proceedings of the Twenty-Eighth Annual ACM-SIAM Symposium on Discrete Algorithms},
  pages        = {801--820},
  year         = {2017},
  organization = {SIAM}
}

@article{nagamochi1992computing,
  title     = {Computing edge-connectivity in multigraphs and capacitated graphs},
  author    = {Nagamochi, Hiroshi and Ibaraki, Toshihide},
  journal   = {SIAM Journal on Discrete Mathematics},
  volume    = {5},
  number    = {1},
  pages     = {54--66},
  year      = {1992},
  publisher = {SIAM}
}

@article{hao1994faster,
  title     = {A faster algorithm for finding the minimum cut in a directed graph},
  author    = {Hao, JX and Orlin, James B},
  journal   = {Journal of Algorithms},
  volume    = {17},
  number    = {3},
  pages     = {424--446},
  year      = {1994},
  publisher = {Elsevier}
}

@book{karger1995random,
  title     = {Random sampling in graph optimization problems},
  author    = {Karger, David Ron},
  year      = {1995},
  publisher = {stanford university}
}

@article{karger1996new,
  title     = {A new approach to the minimum cut problem},
  author    = {Karger, David R and Stein, Clifford},
  journal   = {Journal of the ACM (JACM)},
  volume    = {43},
  number    = {4},
  pages     = {601--640},
  year      = {1996},
  publisher = {ACM New York, NY, USA}
}

@article{karger2000minimum,
  title     = {Minimum cuts in near-linear time},
  author    = {Karger, David R},
  journal   = {Journal of the ACM (JACM)},
  volume    = {47},
  number    = {1},
  pages     = {46--76},
  year      = {2000},
  publisher = {ACM New York, NY, USA}
}

@article{dinitz1976structure,
  title     = {On the structure of the system of minimum edge cuts of a graph},
  author    = {Dinitz, Efim A and Karzanov, Alexander V and Lomonosov, Michael V},
  journal   = {Issledovaniya po Diskretnoi Optimizatsii},
  pages     = {290--306},
  year      = {1976},
  publisher = {Nauka Moscow, Russia}
}

@article{chekuri2020lp,
  title     = {LP relaxation and tree packing for minimum k-cut},
  author    = {Chekuri, Chandra and Quanrud, Kent and Xu, Chao},
  journal   = {SIAM Journal on Discrete Mathematics},
  volume    = {34},
  number    = {2},
  pages     = {1334--1353},
  year      = {2020},
  publisher = {SIAM}
}