@book{folland1999real,
  title     = {Real Analysis: Modern Techniques and Their Applications},
  author    = {Folland, G.B. and FOLLAND, G.B.A.},
  isbn      = {9780471317166},
  lccn      = {98037260},
  series    = {A Wiley-Interscience publication},
  url       = {https://books.google.com/books?id=uPkYAQAAIAAJ},
  year      = {1999},
  publisher = {Wiley}
}

@book{axler2019measure,
  title     = {Measure, Integration \& Real Analysis},
  author    = {Axler, S.},
  isbn      = {9783030331429},
  series    = {Graduate Texts in Mathematics},
  url       = {https://books.google.com/books?id=8hCDyQEACAAJ},
  year      = {2019},
  publisher = {Springer International Publishing}
}

@book{tao2013introduction,
  title     = {An Introduction to Measure Theory},
  author    = {Tao, T.},
  isbn      = {9781470409227},
  series    = {Graduate studies in mathematics},
  url       = {https://books.google.com/books?id=SPGJjwEACAAJ},
  year      = {2013},
  publisher = {American Mathematical Society}
}

@book{dym1972fourier,
  title     = {Fourier Series and Integrals},
  author    = {Dym, H. and McKean, H.P.},
  isbn      = {9780122264511},
  lccn      = {73187225},
  series    = {Probability and Mathematical Statistics},
  url       = {https://books.google.com/books?id=atkQAQAAIAAJ},
  year      = {1972},
  publisher = {Elsevier Science}
}
