@book{Linear-Opt,
  title     = {A First Course in Linear Optimization‚Äù},
  author    = {Jon Lee},
  url       = {https://github.com/jon77lee/JLee_LinearOptimizationBook},
  year      = {2022},
  publisher = {Reex Press}
}
