@book{hatcher2002algebraic,
  title     = {Algebraic Topology},
  author    = {Hatcher, A. and Cambridge University Press and Cornell University. Department of Mathematics},
  isbn      = {9780521795401},
  lccn      = {00065166},
  series    = {Algebraic Topology},
  url       = {https://books.google.com/books?id=BjKs86kosqgC},
  year      = {2002},
  publisher = {Cambridge University Press}
}

@book{atiyah1994introduction,
  title     = {Introduction To Commutative Algebra},
  author    = {Atiyah, M.F. and MacDonald, I.G.},
  isbn      = {9780813345444},
  series    = {Addison-Wesley series in mathematics},
  url       = {https://books.google.com/books?id=HOASFid4x18C},
  year      = {1994},
  publisher = {Avalon Publishing}
}

@book{armstrong2013basic,
  title     = {Basic Topology},
  author    = {Armstrong, M.A.},
  isbn      = {9781475717938},
  series    = {Undergraduate Texts in Mathematics},
  url       = {https://books.google.com/books?id=NJbuBwAAQBAJ},
  year      = {2013},
  publisher = {Springer New York}
}
