@book{marker2002model,
  title     = {Model Theory : An Introduction},
  author    = {Marker, D.},
  isbn      = {9780387987606},
  lccn      = {02024184},
  series    = {Graduate Texts in Mathematics},
  url       = {https://books.google.com/books?id=gkvogoiEnuYC},
  year      = {2002},
  publisher = {Springer New York}
}

@book{hodges1997shorter,
  title     = {A Shorter Model Theory},
  author    = {Hodges, W. and Hodges, S.M.S.W.},
  isbn      = {9780521587136},
  lccn      = {96036603},
  url       = {https://books.google.com/books?id=S6QYeuo4p1EC},
  year      = {1997},
  publisher = {Cambridge University Press}
}

@book{hinman2005fundamentals,
  title     = {Fundamentals of Mathematical Logic},
  author    = {Hinman, P.G.},
  isbn      = {9781568812625},
  lccn      = {2005050968},
  url       = {https://books.google.com/books?id=xA6D8o72qAgC},
  year      = {2005},
  publisher = {Taylor \& Francis}
}

@article{robinson_1949,
  title     = {Definability and decision problems in arithmetic},
  volume    = {14},
  doi       = {10.2307/2266510},
  number    = {2},
  journal   = {The Journal of Symbolic Logic},
  publisher = {Cambridge University Press},
  author    = {Robinson, Julia},
  year      = {1949},
  pages     = {98-114}
}