@inproceedings{10.1145/100216.100225,
  author    = {Blum, M. and Luby, M. and Rubinfeld, R.},
  title     = {Self-Testing/Correcting with Applications to Numerical Problems},
  year      = {1990},
  isbn      = {0897913612},
  publisher = {Association for Computing Machinery},
  address   = {New York, NY, USA},
  url       = {https://doi.org/10.1145/100216.100225},
  doi       = {10.1145/100216.100225},
  booktitle = {Proceedings of the Twenty-Second Annual ACM Symposium on Theory of Computing},
  pages     = {73-83},
  numpages  = {11},
  location  = {Baltimore, Maryland, USA},
  series    = {STOC '90}
}

@article{10.1145/226643.226652,
  author     = {Feige, Uriel and Goldwasser, Shafi and Lov\'{a}sz, Laszlo and Safra, Shmuel and Szegedy, Mario},
  title      = {Interactive Proofs and the Hardness of Approximating Cliques},
  year       = {1996},
  issue_date = {March 1996},
  publisher  = {Association for Computing Machinery},
  address    = {New York, NY, USA},
  volume     = {43},
  number     = {2},
  issn       = {0004-5411},
  url        = {https://doi.org/10.1145/226643.226652},
  doi        = {10.1145/226643.226652},
  journal    = {J. ACM},
  month      = {mar},
  pages      = {268-292},
  numpages   = {25},
  keywords   = {hardness of approximation, multilinearity testing np-completeness, probabilistically checkable proofs, independent set in a graph}
}

@inproceedings{10.1145/258533.258536,
  author    = {H\r{a}stad, Johan},
  title     = {Some Optimal Inapproximability Results},
  year      = {1997},
  isbn      = {0897918886},
  publisher = {Association for Computing Machinery},
  address   = {New York, NY, USA},
  url       = {https://doi.org/10.1145/258533.258536},
  doi       = {10.1145/258533.258536},
  booktitle = {Proceedings of the Twenty-Ninth Annual ACM Symposium on Theory of Computing},
  pages     = {1-10},
  numpages  = {10},
  location  = {El Paso, Texas, USA},
  series    = {STOC '97}
}

@article{10.1145/278298.278306,
  author     = {Arora, Sanjeev and Lund, Carsten and Motwani, Rajeev and Sudan, Madhu and Szegedy, Mario},
  title      = {Proof Verification and the Hardness of Approximation Problems},
  year       = {1998},
  issue_date = {May 1998},
  publisher  = {Association for Computing Machinery},
  address    = {New York, NY, USA},
  volume     = {45},
  number     = {3},
  issn       = {0004-5411},
  url        = {https://doi.org/10.1145/278298.278306},
  doi        = {10.1145/278298.278306},
  journal    = {J. ACM},
  month      = {may},
  pages      = {501-555},
  numpages   = {55},
  keywords   = {randomness, optimization, NP-completeness, proof verification}
}

@inproceedings{10.1145/3406325.3451009,
  author    = {Karlin, Anna R. and Klein, Nathan and Gharan, Shayan Oveis},
  title     = {A (Slightly) Improved Approximation Algorithm for Metric TSP},
  year      = {2021},
  isbn      = {9781450380539},
  publisher = {Association for Computing Machinery},
  address   = {New York, NY, USA},
  url       = {https://doi.org/10.1145/3406325.3451009},
  doi       = {10.1145/3406325.3451009},
  booktitle = {Proceedings of the 53rd Annual ACM SIGACT Symposium on Theory of Computing},
  pages     = {32-45},
  numpages  = {14},
  keywords  = {Approximation Algorithms, Max Entropy, Near Minimum Cuts, Randomized Rounding, Strongly Rayleigh, Traveling Salesperson Problem},
  location  = {Virtual, Italy},
  series    = {STOC 2021}
}

@article{10.1145/375827.375845,
  author     = {Jain, Kamal and Vazirani, Vijay V.},
  title      = {Approximation Algorithms for Metric Facility Location and K-Median Problems Using the Primal-Dual Schema and Lagrangian Relaxation},
  year       = {2001},
  issue_date = {March 2001},
  publisher  = {Association for Computing Machinery},
  address    = {New York, NY, USA},
  volume     = {48},
  number     = {2},
  issn       = {0004-5411},
  url        = {https://doi.org/10.1145/375827.375845},
  doi        = {10.1145/375827.375845},
  journal    = {J. ACM},
  pages      = {274-296},
  numpages   = {23},
  keywords   = {facility location problem, linear programming, Lagrangian relaxation, approximation algorithms, k-median problem}
}

@inproceedings{10.1145/509907.510012,
  author    = {Jain, Kamal and Mahdian, Mohammad and Saberi, Amin},
  title     = {A New Greedy Approach for Facility Location Problems},
  year      = {2002},
  isbn      = {1581134959},
  publisher = {Association for Computing Machinery},
  address   = {New York, NY, USA},
  url       = {https://doi.org/10.1145/509907.510012},
  doi       = {10.1145/509907.510012},
  pages     = {731-740},
  numpages  = {10},
  location  = {Montreal, Quebec, Canada},
  series    = {STOC '02}
}

@inproceedings{10.1145/800157.805047,
  author    = {Cook, Stephen A.},
  title     = {The Complexity of Theorem-Proving Procedures},
  year      = {1971},
  isbn      = {9781450374644},
  publisher = {Association for Computing Machinery},
  address   = {New York, NY, USA},
  url       = {https://doi.org/10.1145/800157.805047},
  doi       = {10.1145/800157.805047},
  pages     = {151-158},
  numpages  = {8},
  location  = {Shaker Heights, Ohio, USA},
  series    = {STOC '71}
}

@article{Anatoliy,
  title  = {On some extremal walks in graphs},
  author = {Serdyukov, Anatoliy I},
  year   = {1978},
  pages  = {76-79}
}

@article{Christofides2022WorstCaseAO,
  title   = {Worst-Case Analysis of a New Heuristic for the Travelling Salesman Problem},
  author  = {Nicos Christofides},
  journal = {Oper. Res. Forum},
  year    = {1976},
  volume  = {3}
}

@article{Feige1991ApproximatingCI,
  title   = {Approximating clique is almost NP-complete},
  author  = {Uriel Feige and Shafi Goldwasser and L{\'a}szl{\'o} Mikl{\'o}s Lov{\'a}sz and Shmuel Safra and Mario Szegedy},
  journal = {[1991] Proceedings 32nd Annual Symposium of Foundations of Computer Science},
  year    = {1991},
  pages   = {2-12}
}

@article{goemans1995improved,
  title     = {Improved approximation algorithms for maximum cut and satisfiability problems using semidefinite programming},
  author    = {Goemans, Michel X and Williamson, David P},
  journal   = {Journal of the ACM (JACM)},
  volume    = {42},
  number    = {6},
  pages     = {1115--1145},
  year      = {1995},
  publisher = {ACM New York, NY, USA}
}

@article{GUHA1999228,
  title   = {Greedy Strikes Back: Improved Facility Location Algorithms},
  journal = {Journal of Algorithms},
  volume  = {31},
  number  = {1},
  pages   = {228-248},
  year    = {1999},
  issn    = {0196-6774},
  doi     = {https://doi.org/10.1006/jagm.1998.0993},
  url     = {https://www.sciencedirect.com/science/article/pii/S0196677498909932},
  author  = {Sudipto Guha and Samir Khuller}
}

@misc{https://doi.org/10.48550/arxiv.1404.5236,
  doi       = {10.48550/ARXIV.1404.5236},
  url       = {https://arxiv.org/abs/1404.5236},
  author    = {Barak, Boaz and Steurer, David},
  title     = {Sum-of-squares proofs and the quest toward optimal algorithms},
  publisher = {arXiv},
  year      = {2014},
  copyright = {arXiv.org perpetual, non-exclusive license}
}

@misc{https://doi.org/10.48550/arxiv.2105.10386,
  doi       = {10.48550/ARXIV.2105.10386},
  url       = {https://arxiv.org/abs/2105.10386},
  author    = {O'Donnell, Ryan},
  title     = {Analysis of Boolean Functions},
  publisher = {arXiv},
  year      = {2021},
  copyright = {Creative Commons Attribution Non Commercial No Derivatives 4.0 International}
}

@misc{https://doi.org/10.48550/arxiv.2207.05150,
  doi       = {10.48550/ARXIV.2207.05150},
  url       = {https://arxiv.org/abs/2207.05150},
  author    = {Cohen-Addad, Vincent and Grandoni, Fabrizio and Lee, Euiwoong and Schwiegelshohn, Chris},
  keywords  = {Data Structures and Algorithms (cs.DS), FOS: Computer and information sciences, FOS: Computer and information sciences},
  title     = {Breaching the 2 LMP Approximation Barrier for Facility Location with Applications to k-Median},
  publisher = {arXiv},
  year      = {2022},
  copyright = {Creative Commons Attribution 4.0 International}
}

@inproceedings{Karger1993GlobalMI,
  title     = {Global min-cuts in RNC, and other ramifications of a simple min-out algorithm},
  author    = {David R Karger},
  booktitle = {SODA '93},
  year      = {1993}
}

@incollection{karp1972reducibility,
  title     = {Reducibility among combinatorial problems},
  author    = {Karp, Richard M},
  booktitle = {Complexity of computer computations},
  pages     = {85--103},
  year      = {1972},
  publisher = {Springer}
}

@inproceedings{KKMO04,
  author    = {Khot, S. and Kindler, G. and Mossel, E. and O'Donnell, R.},
  booktitle = {45th Annual IEEE Symposium on Foundations of Computer Science},
  title     = {Optimal inapproximability results for MAX-CUT and other 2-variable CSPs?},
  year      = {2004},
  volume    = {},
  number    = {},
  pages     = {146-154},
  doi       = {10.1109/FOCS.2004.49}
}

@article{LasserreHierarchy,
  title  = {The lasserre hierarchy in approximation algorithms},
  author = {Thomas Rothvo√ü},
  year   = {2013},
  url    = {https://sites.math.washington.edu//~rothvoss/lecturenotes/lasserresurvey.pdf}
}

@article{LI201345,
  title    = {A 1.488 approximation algorithm for the uncapacitated facility location problem},
  journal  = {Information and Computation},
  volume   = {222},
  pages    = {45-58},
  year     = {2013},
  note     = {38th International Colloquium on Automata, Languages and Programming (ICALP 2011)},
  issn     = {0890-5401},
  doi      = {https://doi.org/10.1016/j.ic.2012.01.007},
  url      = {https://www.sciencedirect.com/science/article/pii/S0890540112001459},
  author   = {Shi Li},
  keywords = {Approximation, Facility location problem, Theory}
}

@misc{MOO05,
  author    = {Mossel, Elchanan and O'Donnell, Ryan and Oleszkiewicz, Krzysztof},
  doi       = {10.48550/ARXIV.MATH/0503503},
  url       = {https://arxiv.org/abs/math/0503503},
  keywords  = {Probability (math.PR), Computational Complexity (cs.CC), Combinatorics (math.CO), FOS: Mathematics, FOS: Mathematics, FOS: Computer and information sciences, FOS: Computer and information sciences},
  title     = {Noise stability of functions with low influences: invariance and optimality},
  publisher = {arXiv},
  year      = {2005},
  copyright = {Assumed arXiv.org perpetual, non-exclusive license to distribute this article for submissions made before January 2004}
}

@inproceedings{UGC,
  author    = {Khot, Subhash},
  title     = {On the Power of Unique 2-Prover 1-Round Games},
  year      = {2002},
  isbn      = {1581134959},
  publisher = {Association for Computing Machinery},
  address   = {New York, NY, USA},
  url       = {https://doi.org/10.1145/509907.510017},
  doi       = {10.1145/509907.510017},
  booktitle = {Proceedings of the Thiry-Fourth Annual ACM Symposium on Theory of Computing},
  pages     = {767-775},
  numpages  = {9},
  location  = {Montreal, Quebec, Canada},
  series    = {STOC '02}
}

@book{vazirani2002approximation,
  title     = {Approximation Algorithms},
  author    = {Vazirani, V.V.},
  isbn      = {9783540653677},
  lccn      = {2001042005},
  url       = {https://books.google.com/books?id=EILqAmzKgYIC},
  year      = {2002},
  publisher = {Springer Berlin Heidelberg}
}

@book{williamson2011design,
  title     = {The Design of Approximation Algorithms},
  author    = {Williamson, D.P. and Shmoys, D.B.},
  isbn      = {9781139498173},
  url       = {https://books.google.com/books?id=Cc\_Fdqf3bBgC},
  year      = {2011},
  publisher = {Cambridge University Press}
}