@book{durrett2010random,
  author    = {Durrett, Rick},
  title     = {Random graph dynamics},
  publisher = {Cambridge university press},
  volume    = {20},
  year      = {2010}
}

@book{janson2011random,
  author    = {Janson, Svante and Luczak, Tomasz and Rucinski, Andrzej},
  title     = {Random graphs},
  publisher = {John Wiley \& Sons},
  year      = {2011}
}

@book{van2024random,
  author    = {Van Der Hofstad, Remco},
  title     = {Random graphs and complex networks},
  publisher = {Cambridge university press},
  volume    = {54},
  year      = {2024}
}