@book{easley2010networks,
  title     = {Networks, Crowds, and Markets: Reasoning about a Highly Connected World},
  author    = {Easley, D. and Kleinberg, J.},
  isbn      = {9781139490306},
  url       = {https://books.google.com/books?id=atfCl2agdi8C},
  year      = {2010},
  publisher = {Cambridge University Press}
}
